<?xml version="1.0" encoding="UTF-8"?><collection xmlns="http://www.loc.gov/MARC21/slim"><record><leader>00576nam--2200181-i-4500</leader><controlfield tag="001">000002714</controlfield><controlfield tag="002">20161230</controlfield><controlfield tag="005">20170114005848</controlfield><controlfield tag="008">060222s1000------------r-----000-0-eng-d</controlfield><datafield ind1=" " ind2=" " tag="040"><subfield code="a">IFIN-HH</subfield></datafield><datafield ind1=" " ind2=" " tag="080"><subfield code="a">539.16</subfield></datafield><datafield ind1="1" ind2=" " tag="100"><subfield code="a">Chadwick, James  Sir</subfield></datafield><datafield ind1="1" ind2="0" tag="245"><subfield code="a">Radioactivity and radioactive substances</subfield><subfield code="b">With foreword by Lord Rutherford ; revised and supplemented by prof. J. Rotblat</subfield><subfield code="c">Sir James Chadwick</subfield></datafield><datafield ind1=" " ind2=" " tag="250"><subfield code="a">Fourth Edition</subfield></datafield><datafield ind1=" " ind2=" " tag="260"><subfield code="a">London</subfield><subfield code="b">Sir Isaac Pitman &amp; Sons, Ltd</subfield><subfield code="c">1953</subfield></datafield><datafield ind1=" " ind2=" " tag="300"><subfield code="a">XV + 120 p</subfield></datafield><datafield ind1=" " ind2=" " tag="852"><subfield code="a">10482</subfield><subfield code="c">539.16</subfield></datafield><datafield ind1=" " ind2=" " tag="CAT"><subfield code="a">SYS</subfield><subfield code="c">20170114</subfield><subfield code="h">005848</subfield></datafield></record></collection>